@Book{Leunen:Scholars:92,
	author		= {M.-C. van Leunen},
	title		= {A Handbook for Scholars},
	publisher	= {Oxford University Press},
	year		= 1992
}

@inproceedings{Sennrich:16,
	author		= {Rico Sennrich, Barry Haddow and Alexandra Birch},
	title		= {Controlling Politeness in Neural Machine Translation via Side Constraints},
	booktitle	= {NAACL},
	year		= 2016 
}

@misc{Sennrich:15,
	title		= {Neural Machine Translation of Rare Words with Subword Units},
	author		= {Rico Sennrich and Barry Haddow and Alexandra Birch},
	year		= {2015},
	eprint		= {1508.07909},
	archivePrefix	= {arXiv},
	primaryClass	= {cs.CL}
}

@inproceedings{Niu:18,
	title		= {Multi-Task Neural Models for Translating Between Styles Within and Across Languages},
	author		= {Xing Niu and Sudha Rao and Marine Carpuat},
	booktitle	= {COLING},
	year		= 2018
}

@article{Zoph:16,
	author		= {Barret Zoph and Kevin Knight},
	title		= {Multi-Source Neural Translation},
	journal		= {CoRR},
	volume		= {abs/1601.00710},
	year		= {2016},
	url		= {http://arxiv.org/abs/1601.00710},
	archivePrefix	= {arXiv},
	eprint		= {1601.00710},
	timestamp	= {Mon, 13 Aug 2018 16:47:09 +0200},
	biburl		= {https://dblp.org/rec/bib/journals/corr/ZophK16},
	bibsource	= {dblp computer science bibliography, https://dblp.org}
}

@article{Brown:60,
	author		= {R.Brown and A. Gilman},
	title		= {The Pronouns of Power and Solidarity},
	journal		= {Style in Language, MIT Press},
	year		= {1960},
}

@Misc{Taylor:SIGuide:95,
	author		= {B. N. Taylor},
	title		= {Guide for the Use of the International System of Units (SI)},
	howpublished	= {NIST Special Publication 811},
	year		= 1995,
	note		= {\url{http://physics.nist.gov/Document/sp811.pdf}}
}

@inproceedings{opennmt,
	author		= {Guillaume Klein and Yoon Kim and Yuntian Deng and Jean Senellart and Alexander M. Rush},
	title		= {Open{NMT}: Open-Source Toolkit for Neural Machine Translation},
	booktitle	= {Proc. ACL},
	year		= {2017},
	url		= {https://doi.org/10.18653/v1/P17-4012},
	doi		= {10.18653/v1/P17-4012}
}

@misc{Wu:Schuster:16,
	title		= {Google's Neural Machine Translation System: Bridging the Gap between Human and Machine Translation},
	author		= {Yonghui Wu and Mike Schuster and Zhifeng Chen and Quoc V. Le and Mohammad Norouzi and Wolfgang Macherey and Maxim Krikun and Yuan Cao and Qin Gao and Klaus Macherey and Jeff Klingner and Apurva Shah and Melvin Johnson and Xiaobing Liu and Łukasz Kaiser and Stephan Gouws and Yoshikiyo Kato and Taku Kudo and Hideto Kazawa and Keith Stevens and George Kurian and Nishant Patil and Wei Wang and Cliff Young and Jason Smith and Jason Riesa and Alex Rudnick and Oriol Vinyals and Greg Corrado and Macduff Hughes and Jeffrey Dean},
	year		= {2016},
	eprint		= {1609.08144},
	archivePrefix	= {arXiv},
	primaryClass	= {cs.CL}
}

@inproceedings{Papineni:02,
	author = {Papineni, Kishore and Roukos, Salim and Ward, Todd and Zhu, Wei-Jing},
	title = {BLEU: A Method for Automatic Evaluation of Machine Translation},
	booktitle = {Proceedings of the 40th Annual Meeting on Association for Computational Linguistics},
	series = {ACL '02},
	year = {2002},
	location = {Philadelphia, Pennsylvania},
	pages = {311--318},
	numpages = {8},
	url = {https://doi.org/10.3115/1073083.1073135},
	doi = {10.3115/1073083.1073135},
	acmid = {1073135},
	publisher = {Association for Computational Linguistics},
	address = {Stroudsburg, PA, USA},
}

@misc{luong:15,
	title={Effective Approaches to Attention-based Neural Machine Translation},
	author={Minh-Thang Luong and Hieu Pham and Christopher D. Manning},
	year={2015},
	eprint={1508.04025},
	archivePrefix={arXiv},
	primaryClass={cs.CL}
}

@article{kobus:16,
	author    = {Catherine Kobus and Josep Maria Crego and Jean Senellart},
	title     = {Domain Control for Neural Machine Translation},
	journal   = {CoRR},
	volume    = {abs/1612.06140},
	year      = {2016},
	url       = {http://arxiv.org/abs/1612.06140},
	archivePrefix = {arXiv},
	eprint    = {1612.06140},
	timestamp = {Mon, 13 Aug 2018 16:48:52 +0200},
	biburl    = {https://dblp.org/rec/bib/journals/corr/KobusCS16},
	bibsource = {dblp computer science bibliography, https://dblp.org}
}

@misc{bahdanau:14,
	title={Neural Machine Translation by Jointly Learning to Align and Translate},
	author={Dzmitry Bahdanau and Kyunghyun Cho and Yoshua Bengio},
	year={2014},
	eprint={1409.0473},
	archivePrefix={arXiv},
	primaryClass={cs.CL}
} 


@incollection{vaswani:17,
	title = {Attention is All you Need},
	author = {Vaswani, Ashish and Shazeer, Noam and Parmar, Niki and Uszkoreit, Jakob and Jones, Llion and Gomez, Aidan N and Kaiser, \L ukasz and Polosukhin, Illia},
	booktitle = {Advances in Neural Information Processing Systems 30},
	editor = {I. Guyon and U. V. Luxburg and S. Bengio and H. Wallach and R. Fergus and S. Vishwanathan and R. Garnett},
	pages = {5998--6008},
	year = {2017},
	publisher = {Curran Associates, Inc.},
	url = {http://papers.nips.cc/paper/7181-attention-is-all-you-need.pdf}
}

@inproceedings{Bertoldi:09,
	author = {Bertoldi, Nicola and Federico, Marcello},
	title = {Domain Adaptation for Statistical Machine Translation with Monolingual Resources},
	booktitle = {Proceedings of the Fourth Workshop on Statistical Machine Translation},
	series = {StatMT '09},
	year = {2009},
	location = {Athens, Greece},
	pages = {182--189},
	numpages = {8},
	url = {http://dl.acm.org/citation.cfm?id=1626431.1626468},
	acmid = {1626468},
	publisher = {Association for Computational Linguistics},
	address = {Stroudsburg, PA, USA},
} 

@article{See:17,
	title={Get To The Point: Summarization with Pointer-Generator Networks},
	url={http://dx.doi.org/10.18653/v1/P17-1099},
	DOI={10.18653/v1/p17-1099},
	journal={ Proceedings of the 55th Annual Meeting of the Association for Computational Linguistics (Volume 1: Long Papers) },
	publisher={Association for Computational Linguistics},
	author={See, Abigail and Liu, Peter J. and Manning, Christopher D.},
	year={2017}
}

@article{castil:17,
	title={Is neural machine translation the new state of the art?},
	author={Castilho, Sheila and Moorkens, Joss and Gaspari, Federico and Calixto, Iacer and Tinsley, John and Way, Andy},
	journal={The Prague Bulletin of Mathematical Linguistics},
	volume={108},
	number={1},
	pages={109--120},
	year={2017},
	publisher={De Gruyter Open}
}

@incollection{hecht:92,
	title={Theory of the backpropagation neural network},
	author={Hecht-Nielsen, Robert},
	booktitle={Neural networks for perception},
	pages={65--93},
	year={1992},
	publisher={Elsevier}
}

@incollection{bottou:10,
	title={Large-scale machine learning with stochastic gradient descent},
	author={Bottou, L{\'e}on},
	booktitle={Proceedings of COMPSTAT'2010},
	pages={177--186},
	year={2010},
	publisher={Springer}
}

@article{kingma:14,
	title={Adam: A method for stochastic optimization},
	author={Kingma, Diederik P and Ba, Jimmy},
	journal={arXiv preprint arXiv:1412.6980},
	year={2014}
}

@article{zeiler:12,
	title={ADADELTA: an adaptive learning rate method},
	author={Zeiler, Matthew D},
	journal={arXiv preprint arXiv:1212.5701},
	year={2012}
}

@inproceedings{mikolov:10,
	title={Recurrent neural network based language model},
	author={Mikolov, Tom{\'a}{\v{s}} and Karafi{\'a}t, Martin and Burget, Luk{\'a}{\v{s}} and {\v{C}}ernock{\`y}, Jan and Khudanpur, Sanjeev},
	booktitle={Eleventh annual conference of the international speech communication association},
	year={2010}
}

@inproceedings{vinyals:15,
	title={Show and tell: A neural image caption generator},
	author={Vinyals, Oriol and Toshev, Alexander and Bengio, Samy and Erhan, Dumitru},
	booktitle={Proceedings of the IEEE conference on computer vision and pattern recognition},
	pages={3156--3164},
	year={2015}
}

@article{koehn:17,
	title={Six challenges for neural machine translation},
	author={Koehn, Philipp and Knowles, Rebecca},
	journal={arXiv preprint arXiv:1706.03872},
	year={2017}
}


@article{chu:17,
	title={An empirical comparison of simple domain adaptation methods for neural machine translation},
	author={Chu, Chenhui and Dabre, Raj and Kurohashi, Sadao},
	journal={arXiv preprint arXiv:1701.03214},
	year={2017}
}

@article{johnson:17,
	title={Google’s multilingual neural machine translation system: Enabling zero-shot translation},
	author={Johnson, Melvin and Schuster, Mike and Le, Quoc V and Krikun, Maxim and Wu, Yonghui and Chen, Zhifeng and Thorat, Nikhil and Vi{\'e}gas, Fernanda and Wattenberg, Martin and Corrado, Greg and others},
	journal={Transactions of the Association for Computational Linguistics},
	volume={5},
	pages={339--351},
	year={2017},
	publisher={MIT Press}
}
@article{wichmann:10,
	title={Homelands of the world’s language families: A quantitative approach},
	author={Wichmann, S{\o}ren and M{\"u}ller, Andr{\'e} and Velupillai, Viveka},
	journal={Diachronica},
	volume={27},
	number={2},
	pages={247--276},
	year={2010},
	publisher={John Benjamins}
}

@inproceedings{georgi:10,
	title={Comparing language similarity across genetic and typologically-based groupings},
	author={Georgi, Ryan and Xia, Fei and Lewis, William},
	booktitle={Proceedings of the 23rd International Conference on Computational Linguistics},
	pages={385--393},
	year={2010},
	organization={Association for Computational Linguistics}
}


@article{bross:72,
	title={How information is carried in scientific sub-languages},
	author={Bross, IDJ and Shapiro, PA and Anderson, BB},
	journal={Science},
	volume={176},
	number={4041},
	pages={1303--1307},
	year={1972},
	publisher={JSTOR}
}

@inproceedings{hajic:00,
	title={Machine translation of very close languages},
	author={Hajic, Jan},
	booktitle={Sixth Applied Natural Language Processing Conference},
	pages={7--12},
	year={2000}
}

@article{mikolov:13,
	title={Exploiting similarities among languages for machine translation},
	author={Mikolov, Tomas and Le, Quoc V and Sutskever, Ilya},
	journal={arXiv preprint arXiv:1309.4168},
	year={2013}
}

@inproceedings{takeno:17,
	title={Controlling target features in neural machine translation via prefix constraints},
	author={Takeno, Shunsuke and Nagata, Masaaki and Yamamoto, Kazuhide},
	booktitle={Proceedings of the 4th Workshop on Asian Translation (WAT2017)},
	pages={55--63},
	year={2017}
}

@InProceedings{tiedemann:12,
	author = {Jörg Tiedemann},
	title = {Parallel Data, Tools and Interfaces in OPUS},
	booktitle = {Proceedings of the Eight International Conference on Language Resources and Evaluation (LREC'12)},
	year = {2012},
	month = {may},
	date = {23-25},
	address = {Istanbul, Turkey},
	editor = {Nicoletta Calzolari (Conference Chair) and Khalid Choukri and Thierry Declerck and Mehmet Ugur Dogan and Bente Maegaard and Joseph Mariani and Jan Odijk and Stelios Piperidis},
	publisher = {European Language Resources Association (ELRA)},
	isbn = {978-2-9517408-7-7},
	language = {english}
}

@inproceedings{liu:16,
	title={Large-margin softmax loss for convolutional neural networks.},
	author={Liu, Weiyang and Wen, Yandong and Yu, Zhiding and Yang, Meng},
	booktitle={ICML},
	volume={2},
	number={3},
	pages={7},
	year={2016}
}

@article{light:17,
	title={Mosquitto: server and client implementation of the MQTT protocol.},
	author={Light, Roger A and others},
	journal={J. Open Source Software},
	volume={2},
	number={13},
	pages={265},
	year={2017}
}

@inproceedings{banerjee:05,
	title={METEOR: An automatic metric for MT evaluation with improved correlation with human judgments},
	author={Banerjee, Satanjeev and Lavie, Alon},
	booktitle={Proceedings of the acl workshop on intrinsic and extrinsic evaluation measures for machine translation and/or summarization},
	pages={65--72},
	year={2005}
}

@inproceedings{lin:04,
	title={Looking for a few good metrics: ROUGE and its evaluation},
	author={Lin, Chin-Yew and Och, FJ},
	booktitle={Ntcir Workshop},
	year={2004}
}

@article{zaremba:14,
	title={Recurrent neural network regularization},
	author={Zaremba, Wojciech and Sutskever, Ilya and Vinyals, Oriol},
	journal={arXiv preprint arXiv:1409.2329},
	year={2014}
}

@misc{luo:19,
	title={Neural Decipherment via Minimum-Cost Flow: from Ugaritic to Linear B},
	author={Jiaming Luo and Yuan Cao and Regina Barzilay},
	year={2019},
	eprint={1906.06718},
	archivePrefix={arXiv},
	primaryClass={cs.CL}
}

@article{lavie:10,
	title={Evaluating the output of machine translation systems},
	author={Lavie, Alon},
	journal={AMTA Tutorial},
	pages={86},
	year={2010}
}

@article{lipton:15,
	title={Learning to diagnose with LSTM recurrent neural networks},
	author={Lipton, Zachary C and Kale, David C and Elkan, Charles and Wetzel, Randall},
	journal={arXiv preprint arXiv:1511.03677},
	year={2015}
}

@article{sharma:17,
	author  = {Sharma, Shikhar and El Asri, Layla and Schulz, Hannes and Zumer, Jeremie},
	title   = {Relevance of Unsupervised Metrics in Task-Oriented Dialogue for Evaluating Natural Language Generation},
	journal = {CoRR},
	volume  = {abs/1706.09799},
	year    = {2017},
	url     = {http://arxiv.org/abs/1706.09799}
}

@article{przybocki:09,
	title={The NIST 2008 Metrics for machine translation challenge—overview, methodology, metrics, and results},
	author={Przybocki, Mark and Peterson, Kay and Bronsart, S{\'e}bastien and Sanders, Gregory},
	journal={Machine Translation},
	volume={23},
	number={2-3},
	pages={71--103},
	year={2009},
	publisher={Springer}
}

